<?xml version="1.0" encoding="utf-8"?>
<record xmlns="http://www.loc.gov/MARC21/slim" xmlns:xsi="http://www.w3.org/2001/XMLSchema-instance" xsi:schemaLocation="http://www.loc.gov/MARC21/slim http://www.loc.gov/standards/marcxml/schema/MARC21slim.xsd">
	<leader>     nam a22        4500</leader>
	<controlfield tag="001">001684491</controlfield>
	<controlfield tag="003">NNU</controlfield>
	<controlfield tag="006">m        d        </controlfield>
	<controlfield tag="007">cr cn |||m|||a</controlfield>
	<controlfield tag="008">150714q19291930ua      o     000 0 ara d</controlfield>
	<datafield ind1=" " ind2=" " tag="040">
		<subfield code="a">NNU</subfield>
		<subfield code="b">eng</subfield>
		<subfield code="c">NNU</subfield>
	</datafield>
	<datafield ind1=" " ind2=" " tag="066">
		<subfield code="c">(3</subfield>
	</datafield>
	<datafield ind1=" " ind2=" " tag="090">
		<subfield code="a">BP195.Z2</subfield>
		<subfield code="b">M34</subfield>
	</datafield>
	<datafield ind1="0" ind2="0" tag="245">
		<subfield code="6">880-01</subfield>
		<subfield code="a">Majmūʻat al-rasāʼil al-Yamanīyah</subfield>
		<subfield code="h">[electronic resource].</subfield>
	</datafield>
	<datafield ind1=" " ind2=" " tag="260">
		<subfield code="6">880-02</subfield>
		<subfield code="a">al-Qāhirah :</subfield>
		<subfield code="b">Idārat al-Ṭibāʻah al-Munīrīyah,</subfield>
		<subfield code="c">1348 [1929 or 1930]</subfield>
	</datafield>
	<datafield ind1=" " ind2=" " tag="300">
		<subfield code="a">online resource (36, 12, 31, 60, 15, 42 p.)</subfield>
	</datafield>
	<datafield ind1=" " ind2=" " tag="500">
		<subfield code="a">Part of the Arabic Collections Online (ACO) project, contributed by New York Univeristy Libraries.</subfield>
	</datafield>
	<datafield ind1="0" ind2=" " tag="505">
		<subfield code="a">al-Risālah al-wāziʻah lil-muʻtadīn ʻan sabb Ṣaḥābat Sayyīd al-Mursalīn / taʼlīf al-Muʼayyid billāh Yaḥyá ibn Ḥamzah ibn ʻAlī ibn Ibrāhīm ibn Muḥammad ibn Idrīs ibn Jaʻfar ibn ʻAlī ibn Muḥammad ibn ʻAlī ibn Mūsá ibn Jaʻfar ibn Muḥammad ibn ʻAlī ibn al-Ḥusayn ibn ʻAlī ibn Abī Ṭālib al-Hāshimī al-Yamanī -- al-ʻIqd al-thamīn fī ithbāt wiṣāyat Amīr al-Muʼminīn / Muḥammad ibn ʻAlī ibn Muḥammad al-Shawkānī al-Yamānī al-Ṣanʻānī -- al-ʻIṣmah ʻan al-ḍalāl / al-Ḥasan ibn Aḥmad al-Jalāl al-Ḥasanī al-Yamanī -- Fayḍ al-shuʻāʻ al-kāshif lil-qināʻ ʻan arkān al-ibtidāʻ / al-Ḥasan ibn Aḥmad al-Jalāl al-Ḥasanī al-Yamanī -- Qurrat al-ʻayn fī al-jamʻ bayna al-ṣalātayn / Ḥāmid ibn Ḥasan Shākir al-Yamānī al-Ṣanʻānī -- al-Wajh al-ḥasan al-mudhhib lil-ḥazan li-man ṭalaba al-Sunnah wa-mashá ʻalá al-sunan / Isḥaq ibn Yūsuf ibn al-Imām al-Mutawakkil ʻalá Allāh Ismāʻīl ibn al-Imām al-Manṣūr billāh al-Qāsim ibn Muḥammad al-Ḥasanī al-Yamanī al-Ṣanʻānī.</subfield>
	</datafield>
	<datafield ind1=" " ind2=" " tag="500">
		<subfield code="a">Cover title.</subfield>
	</datafield>
	<datafield ind1=" " ind2=" " tag="533">
		<subfield code="a">Electronic reproduction.</subfield>
		<subfield code="b">New York, N.Y. :</subfield>
		<subfield code="c">New York University,</subfield>
		<subfield code="d">2015.</subfield>
		<subfield code="5">NNU</subfield>
	</datafield>
	<datafield ind1="0" ind2="0" tag="600">
		<subfield code="a">Muḥammad,</subfield>
		<subfield code="c">Prophet,</subfield>
		<subfield code="d">d. 632</subfield>
		<subfield code="x">Companions.</subfield>
	</datafield>
	<datafield ind1=" " ind2="0" tag="650">
		<subfield code="a">Islam</subfield>
		<subfield code="x">Doctrines.</subfield>
	</datafield>
	<datafield ind1=" " ind2="0" tag="650">
		<subfield code="a">Islam</subfield>
		<subfield code="x">Customs and practices.</subfield>
	</datafield>
	<datafield ind1="1" ind2="2" tag="700">
		<subfield code="6">880-03</subfield>
		<subfield code="a">Muʼayyid, Yaḥyá ibn Ḥamzah,</subfield>
		<subfield code="d">1270 or 71-ca. 1378.</subfield>
		<subfield code="t">Risālah al-wāziʻah lil-muʻtadīn ʻan sabb Ṣaḥābat Sayyīd al-Mursalīn.</subfield>
		<subfield code="f">1929.</subfield>
	</datafield>
	<datafield ind1="1" ind2="2" tag="700">
		<subfield code="6">880-04</subfield>
		<subfield code="a">Shawkānī, Muḥammad ibn ʻAlī,</subfield>
		<subfield code="d">1759-1839</subfield>
		<subfield code="t">ʻIqd al-thamīn fī ithbāt wiṣāyat Amīr al-muʼminīn.</subfield>
		<subfield code="f">1929.</subfield>
	</datafield>
	<datafield ind1="1" ind2="2" tag="700">
		<subfield code="6">880-05</subfield>
		<subfield code="a">Jalāl al-Yamanī, al-Ḥasan ibn Aḥmad,</subfield>
		<subfield code="d">1605-1673</subfield>
		<subfield code="t">ʻIṣmah ʻan al-ḍalāl.</subfield>
		<subfield code="f">1929.</subfield>
	</datafield>
	<datafield ind1="1" ind2="2" tag="700">
		<subfield code="6">880-06</subfield>
		<subfield code="a">Jalāl al-Yamanī, al-Ḥasan ibn Aḥmad,</subfield>
		<subfield code="d">1605-1673</subfield>
		<subfield code="t">Fayḍ al-shuʻāʻ al-kāshif lil-qināʻ ʻan arkān al-ibtidāʻ.</subfield>
		<subfield code="f">1929.</subfield>
	</datafield>
	<datafield ind1="0" ind2="2" tag="700">
		<subfield code="6">880-07</subfield>
		<subfield code="a">Ḥāmid ibn Ḥasan Shākir.</subfield>
		<subfield code="t">Qurrat al-ʻayn fī al-jamʻ bayna al-ṣalātayn.</subfield>
		<subfield code="f">1929.</subfield>
	</datafield>
	<datafield ind1="1" ind2="2" tag="700">
		<subfield code="6">880-08</subfield>
		<subfield code="a">Ibn al-Mutawakkil, Isḥāq ibn Yūsuf,</subfield>
		<subfield code="d">1699 or 1700-1760.</subfield>
		<subfield code="t">Wajh al-ḥasan al-mudhhib lil-ḥazan.</subfield>
		<subfield code="f">1929.</subfield>
	</datafield>
	<datafield ind1="2" ind2=" " tag="710">
		<subfield code="a">New York University.</subfield>
		<subfield code="b">Libraries.</subfield>
	</datafield>
	<datafield ind1="0" ind2=" " tag="730">
		<subfield code="a">Arabic Collections Online.</subfield>
	</datafield>
	<datafield ind1="0" ind2="8" tag="776">
		<subfield code="i">Print version:</subfield>
		<subfield code="t">Majmūʻat al-rasāʼil al-Yamanīyah</subfield>
		<subfield code="w">(NNU)001684491</subfield>
	</datafield>
	<datafield ind1="4" ind2="0" tag="856">
		<subfield code="u">http://hdl.handle.net/2333.1/c2fqz8j3</subfield>
	</datafield>
	<datafield ind1="0" ind2="0" tag="880">
		<subfield code="6">245-01/</subfield>
		<subfield code="a">مجموعة الرسائل اليمنية.</subfield>
	</datafield>
	<datafield ind1=" " ind2=" " tag="880">
		<subfield code="6">260-02/</subfield>
		<subfield code="a">القاهرة :</subfield>
		<subfield code="b">إدارة الطباعة المنيرية،</subfield>
		<subfield code="c">1348 [1929 أو 1930]</subfield>
	</datafield>
	<datafield ind1="1" ind2="2" tag="880">
		<subfield code="6">700-03/</subfield>
		<subfield code="a">مؤيد، يحيى بن حمزة.</subfield>
		<subfield code="t">رسالة الوازعة للمعتدين عن سب صحابة سيد المرسلين.</subfield>
		<subfield code="f">1929.</subfield>
	</datafield>
	<datafield ind1="1" ind2="2" tag="880">
		<subfield code="6">700-04/</subfield>
		<subfield code="a">شوكاني، محمد بن علي.</subfield>
		<subfield code="t">عقد الثمين في إثبات وصية أمير المؤمنين.</subfield>
		<subfield code="f">1929.</subfield>
	</datafield>
	<datafield ind1="1" ind2="2" tag="880">
		<subfield code="6">700-05/</subfield>
		<subfield code="a">جلال اليمني، الحسن بن أحمد.</subfield>
		<subfield code="t">عصمة عن الضلال.</subfield>
		<subfield code="f">1929.</subfield>
	</datafield>
	<datafield ind1="1" ind2="2" tag="880">
		<subfield code="6">700-06/</subfield>
		<subfield code="a">جلال اليمني، الحسن بن أحمد.</subfield>
		<subfield code="t">فيض الشعاع الكاشف للقناع عي أركان الابتداء.</subfield>
		<subfield code="f">1929.</subfield>
	</datafield>
	<datafield ind1="0" ind2="2" tag="880">
		<subfield code="6">700-07/</subfield>
		<subfield code="a">حامد بن حسن شاكر.</subfield>
		<subfield code="t">قرة العين في الجمع بين الصلاتين.</subfield>
		<subfield code="f">1929.</subfield>
	</datafield>
	<datafield ind1="0" ind2="2" tag="880">
		<subfield code="6">700-08/</subfield>
		<subfield code="a">ابن المتوكل، إسحاق بن يوسف.</subfield>
		<subfield code="t">وجه الحسن المذهب للحزن.</subfield>
		<subfield code="f">1929.</subfield>
	</datafield>
	<datafield ind1=" " ind2=" " tag="959">
		<subfield code="a">NNU</subfield>
		<subfield code="b">WEB</subfield>
		<subfield code="c">GENI</subfield>
		<subfield code="t">0</subfield>
		<subfield code="m">Electronic access</subfield>
		<subfield code="s">01</subfield>
	</datafield>
	<datafield ind1=" " ind2=" " tag="999">
		<subfield code="i">NNU_001684491</subfield>
		<subfield code="s">nyu_aco000995</subfield>
	</datafield>
</record>
